
@article{NUTSStatisticalRegions2022,
  title = {{{NUTS}} Statistical Regions of {{Austria}}},
  year = {2022},
  month = aug,
  journal = {Wikipedia},
  abstract = {The Nomenclature of Territorial Units for Statistics (NUTS) is a geocode standard for referencing the subdivisions of Austria for statistical purposes. The standard is developed and regulated by the European Union. The NUTS standard is instrumental in delivering the European Union's Structural Funds. The NUTS code for Austria is AT and a hierarchy of three levels is established by Eurostat. Below these is a further levels of geographic organisation - the local administrative unit (LAU). In Austria, the LAU 2 is municipalities.},
  copyright = {Creative Commons Attribution-ShareAlike License},
  langid = {english},
  annotation = {Page Version ID: 1105282501}
}



@misc{StatisticsEurostat,
  title = {Statistics | {{Eurostat}}},
  howpublished = {https://ec.europa.eu/eurostat/databrowser/view/nama\_10r\_3gdp/default/table?lang=en},
  file = {/Users/sebastianmenafloysand/Zotero/storage/66L3MP6P/table.html}
}


